<?xml version = "1.0" encoding = "UTF-8"?><record>
  <leader>01459nms#a2200409#c#4500</leader>
  <controlfield tag="005">20210409083405.0</controlfield>
  <controlfield tag="007">cr#|||||||||||</controlfield>
  <controlfield tag="008">130606m19121912ua######o##|########egy#c</controlfield>
  <controlfield tag="003">DE-605</controlfield>
  <controlfield tag="001">990197023370206441</controlfield>
  <datafield tag="016" ind1="7" ind2=" ">
    <subfield code="a">103553455X</subfield>
    <subfield code="2">DE-101b</subfield>
  </datafield>
  <datafield tag="016" ind1="7" ind2=" ">
    <subfield code="a">2719150-3</subfield>
    <subfield code="2">DE-600</subfield>
  </datafield>
  <datafield tag="035" ind1=" " ind2=" ">
    <subfield code="a">(DE-605)HT017664407</subfield>
  </datafield>
  <datafield tag="040" ind1=" " ind2=" ">
    <subfield code="a">0001</subfield>
    <subfield code="b">ger</subfield>
    <subfield code="c">DNB</subfield>
    <subfield code="d">0001</subfield>
    <subfield code="e">rakddb</subfield>
  </datafield>
  <datafield tag="041" ind1=" " ind2=" ">
    <subfield code="a">egy</subfield>
  </datafield>
  <datafield tag="044" ind1=" " ind2=" ">
    <subfield code="c">XC-EG</subfield>
  </datafield>
  <datafield tag="084" ind1=" " ind2=" ">
    <subfield code="a">26</subfield>
    <subfield code="2">ssgn</subfield>
  </datafield>
  <datafield tag="090" ind1=" " ind2=" ">
    <subfield code="n">ld</subfield>
    <subfield code="n">up</subfield>
    <subfield code="n">ao</subfield>
  </datafield>
  <datafield tag="245" ind1="0" ind2="0">
    <subfield code="a">Aegyptische Nachrichten</subfield>
    <subfield code="h">Elektronische Ressource</subfield>
  </datafield>
  <datafield tag="264" ind1="3" ind2="1">
    <subfield code="a">Kairo</subfield>
    <subfield code="b">[s.n.]</subfield>
    <subfield code="c">1912-1912</subfield>
  </datafield>
  <datafield tag="340" ind1=" " ind2=" ">
    <subfield code="a">Online-Ressource</subfield>
    <subfield code="9">F:652a</subfield>
  </datafield>
  <datafield tag="362" ind1="0" ind2=" ">
    <subfield code="a">1912,Jan.-Dez.; mehr nicht digitalisiert</subfield>
  </datafield>
  <datafield tag="363" ind1="0" ind2="0">
    <subfield code="8">1.1\x</subfield>
    <subfield code="i">1912</subfield>
  </datafield>
  <datafield tag="500" ind1=" " ind2=" ">
    <subfield code="a">Gesehen am 03.06.2013</subfield>
    <subfield code="9">F:507</subfield>
  </datafield>
  <datafield tag="500" ind1=" " ind2=" ">
    <subfield code="a">Layoutgetreue Digitalisate mit Browsefunktion</subfield>
    <subfield code="9">F:517</subfield>
  </datafield>
  <datafield tag="533" ind1=" " ind2=" ">
    <subfield code="a">Digital. Ausg.: Berlin : Staatsbibliothek, 2013. (Zeitungsinformationssystem)</subfield>
    <subfield code="b">Berlin</subfield>
    <subfield code="c">Staatsbibliothek zu Berlin</subfield>
    <subfield code="d">2013-2013</subfield>
    <subfield code="f">Zeitungsinformationssystem</subfield>
  </datafield>
  <datafield tag="591" ind1=" " ind2=" ">
    <subfield code="a">Autopsie 1w</subfield>
  </datafield>
  <datafield tag="751" ind1=" " ind2=" ">
    <subfield code="a">Kairo</subfield>
    <subfield code="0">(DE-588)4029236-8</subfield>
    <subfield code="4">dbp</subfield>
    <subfield code="0">(uri) https://portal.dnb.de/opac.htm?method=simpleSearch&amp;cqlMode=true&amp;query=idn=040292363</subfield>
    <subfield code="0">(uri) http://viaf.org/viaf/sourceID/DNB|040292363</subfield>
    <subfield code="B">GND-040292363</subfield>
  </datafield>
  <datafield tag="776" ind1="0" ind2="8">
    <subfield code="i">Erscheint auch als</subfield>
    <subfield code="n">Druckausg.</subfield>
    <subfield code="t">Aegyptische Nachrichten</subfield>
    <subfield code="w">(DE-605)HT008808585</subfield>
  </datafield>
  <datafield tag="856" ind1="4" ind2="0">
    <subfield code="u">http://zefys.staatsbibliothek-berlin.de/list/title/zdb/27191503/</subfield>
    <subfield code="x">Digitalisierung</subfield>
    <subfield code="z">kostenfrei</subfield>
  </datafield>
  <datafield tag="960" ind1="1" ind2=" ">
    <subfield code="z">lzZDB</subfield>
  </datafield>
  <datafield tag="964" ind1="0" ind2="s">
    <subfield code="F">030</subfield>
    <subfield code="A">a||da||||||37</subfield>
  </datafield>
  <datafield tag="964" ind1="0" ind2="s">
    <subfield code="F">050</subfield>
    <subfield code="A">||||||||g|||||</subfield>
  </datafield>
  <datafield tag="964" ind1="0" ind2="s">
    <subfield code="F">052</subfield>
    <subfield code="A">z||||||t|||||||</subfield>
  </datafield>
  <datafield tag="964" ind1="0" ind2="s">
    <subfield code="F">058</subfield>
    <subfield code="A">cr||||||||||||</subfield>
  </datafield>
  <datafield tag="035" ind1=" " ind2=" ">
    <subfield code="a">(DE-600)2719150-3</subfield>
  </datafield>
  <datafield tag="035" ind1=" " ind2=" ">
    <subfield code="a">(DE-599)ZDB2719150-3</subfield>
  </datafield>
  <datafield tag="MBD" ind1=" " ind2=" ">
    <subfield code="M">49HBZ_NETWORK</subfield>
    <subfield code="i">990197023370206441</subfield>
    <subfield code="n">HBZ Network</subfield>
  </datafield>
  <datafield tag="MNG" ind1=" " ind2=" ">
    <subfield code="c">System</subfield>
    <subfield code="f">ILS</subfield>
    <subfield code="i">marc21</subfield>
    <subfield code="k">01</subfield>
    <subfield code="e">false</subfield>
    <subfield code="d">2021-08-01 04:19:42 Europe/Berlin</subfield>
    <subfield code="g">019702337-HBZ01</subfield>
    <subfield code="j">90</subfield>
    <subfield code="a">import</subfield>
    <subfield code="b">2021-04-05 13:26:27 Europe/Berlin</subfield>
  </datafield>
  <datafield tag="POR" ind1=" " ind2=" ">
    <subfield code="j">LIzenzfreie Zeitschriften</subfield>
    <subfield code="x">System</subfield>
    <subfield code="a">53723408330006441</subfield>
    <subfield code="M">49HBZ_NETWORK</subfield>
    <subfield code="p">61738769100006441</subfield>
    <subfield code="q">Lizenzfreie Zeitschriften - Lizenzfreie E-Ressourcen der ZDB (lzzdb)</subfield>
    <subfield code="c">static</subfield>
    <subfield code="l">kostenfrei</subfield>
    <subfield code="A">49HBZ_DUE</subfield>
    <subfield code="A">49HBZ_UDE</subfield>
    <subfield code="y">2021-04-16 11:47:34 Europe/Berlin</subfield>
    <subfield code="w">2021-04-06 11:53:38 Europe/Berlin</subfield>
    <subfield code="D">https://eu04.alma.exlibrisgroup.com/view/uresolver/49HBZ_NETWORK/openurl?u.ignore_date_coverage=true&amp;portfolio_pid=53723408330006441&amp;Force_direct=true</subfield>
    <subfield code="v">P2E_JOB</subfield>
    <subfield code="z">2021-04-06 09:53:38</subfield>
    <subfield code="i">false</subfield>
    <subfield code="S">62738769090006441</subfield>
    <subfield code="d">https://hbz-network.userservices.exlibrisgroup.com/view/uresolver/49HBZ_NETWORK/openurl?u.ignore_date_coverage=true&amp;rft.mms_id=990197023370206441</subfield>
    <subfield code="b">Available</subfield>
    <subfield code="f">DOCUMENT</subfield>
    <subfield code="8">53723408330006441</subfield>
  </datafield>
  <datafield tag="GSI" ind1="7" ind2=" ">
    <subfield code="a">4029236-8</subfield>
    <subfield code="0">http://d-nb.info/gnd/4029236-8</subfield>
    <subfield code="2">gnd</subfield>
    <subfield code="A">GND</subfield>
    <subfield code="B">GND-040292363</subfield>
    <subfield code="C">024</subfield>
  </datafield>
  <datafield tag="GSI" ind1="7" ind2=" ">
    <subfield code="a">360630</subfield>
    <subfield code="2">geonames</subfield>
    <subfield code="A">GND</subfield>
    <subfield code="B">GND-040292363</subfield>
    <subfield code="C">024</subfield>
  </datafield>
  <datafield tag="GGN" ind1=" " ind2=" ">
    <subfield code="a">&lt;&lt;al-&gt;&gt; Q&#257;hira</subfield>
    <subfield code="A">GND</subfield>
    <subfield code="B">GND-040292363</subfield>
    <subfield code="C">451</subfield>
  </datafield>
  <datafield tag="GGN" ind1=" " ind2=" ">
    <subfield code="a">Mi&#7779;r al-Q&#257;hira</subfield>
    <subfield code="A">GND</subfield>
    <subfield code="B">GND-040292363</subfield>
    <subfield code="C">451</subfield>
  </datafield>
  <datafield tag="GGN" ind1=" " ind2=" ">
    <subfield code="a">AlQ&#257;hira</subfield>
    <subfield code="A">GND</subfield>
    <subfield code="B">GND-040292363</subfield>
    <subfield code="C">451</subfield>
  </datafield>
  <datafield tag="GGN" ind1=" " ind2=" ">
    <subfield code="a">Al-Q&#257;hira</subfield>
    <subfield code="A">GND</subfield>
    <subfield code="B">GND-040292363</subfield>
    <subfield code="C">451</subfield>
  </datafield>
  <datafield tag="GGN" ind1=" " ind2=" ">
    <subfield code="a">Misr el-Kahira</subfield>
    <subfield code="9">v:arab.</subfield>
    <subfield code="A">GND</subfield>
    <subfield code="B">GND-040292363</subfield>
    <subfield code="C">451</subfield>
  </datafield>
  <datafield tag="GGN" ind1=" " ind2=" ">
    <subfield code="a">Al Kahira</subfield>
    <subfield code="9">v:arab.</subfield>
    <subfield code="9">v:M</subfield>
    <subfield code="A">GND</subfield>
    <subfield code="B">GND-040292363</subfield>
    <subfield code="C">451</subfield>
  </datafield>
  <datafield tag="GGN" ind1=" " ind2=" ">
    <subfield code="a">&lt;&lt;Al&gt;&gt; Kahira</subfield>
    <subfield code="A">GND</subfield>
    <subfield code="B">GND-040292363</subfield>
    <subfield code="C">451</subfield>
  </datafield>
  <datafield tag="GGN" ind1=" " ind2=" ">
    <subfield code="a">LeCaire</subfield>
    <subfield code="A">GND</subfield>
    <subfield code="B">GND-040292363</subfield>
    <subfield code="C">451</subfield>
  </datafield>
  <datafield tag="GGN" ind1=" " ind2=" ">
    <subfield code="a">Le Caire</subfield>
    <subfield code="A">GND</subfield>
    <subfield code="B">GND-040292363</subfield>
    <subfield code="C">451</subfield>
  </datafield>
  <datafield tag="GGN" ind1=" " ind2=" ">
    <subfield code="a">Qah&#238;r</subfield>
    <subfield code="A">GND</subfield>
    <subfield code="B">GND-040292363</subfield>
    <subfield code="C">451</subfield>
  </datafield>
  <datafield tag="GGN" ind1=" " ind2=" ">
    <subfield code="a">&lt;&lt;al-&gt;&gt; Kahira</subfield>
    <subfield code="A">GND</subfield>
    <subfield code="B">GND-040292363</subfield>
    <subfield code="C">451</subfield>
  </datafield>
  <datafield tag="GGN" ind1=" " ind2=" ">
    <subfield code="a">al-Kahira</subfield>
    <subfield code="A">GND</subfield>
    <subfield code="B">GND-040292363</subfield>
    <subfield code="C">451</subfield>
  </datafield>
  <datafield tag="GGN" ind1=" " ind2=" ">
    <subfield code="a">Il Cairo</subfield>
    <subfield code="A">GND</subfield>
    <subfield code="B">GND-040292363</subfield>
    <subfield code="C">451</subfield>
  </datafield>
  <datafield tag="GGN" ind1=" " ind2=" ">
    <subfield code="a">Alkeir</subfield>
    <subfield code="A">GND</subfield>
    <subfield code="B">GND-040292363</subfield>
    <subfield code="C">451</subfield>
  </datafield>
  <datafield tag="GGN" ind1=" " ind2=" ">
    <subfield code="a">&lt;&lt;al-&gt;&gt;Q&#257;hira</subfield>
    <subfield code="A">GND</subfield>
    <subfield code="B">GND-040292363</subfield>
    <subfield code="C">451</subfield>
  </datafield>
  <datafield tag="GGN" ind1=" " ind2=" ">
    <subfield code="a">Cairo</subfield>
    <subfield code="A">GND</subfield>
    <subfield code="B">GND-040292363</subfield>
    <subfield code="C">451</subfield>
  </datafield>
  <datafield tag="GGN" ind1=" " ind2=" ">
    <subfield code="a">&lt;&lt;Le&gt;&gt; Caire</subfield>
    <subfield code="A">GND</subfield>
    <subfield code="B">GND-040292363</subfield>
    <subfield code="C">451</subfield>
  </datafield>
  <datafield tag="GGN" ind1=" " ind2=" ">
    <subfield code="9">U:Arab</subfield>
    <subfield code="9">L:ara</subfield>
    <subfield code="a">&#1602;&#1575;&#1607;&#1585;&#1577;</subfield>
    <subfield code="A">GND</subfield>
    <subfield code="B">GND-040292363</subfield>
    <subfield code="C">451</subfield>
  </datafield>
  <datafield tag="GGN" ind1=" " ind2=" ">
    <subfield code="9">U:Arab</subfield>
    <subfield code="a">&#1605;&#1589;&#1585; &#1575;&#1604;&#1602;&#1575;&#1607;&#1585;&#1577;</subfield>
    <subfield code="A">GND</subfield>
    <subfield code="B">GND-040292363</subfield>
    <subfield code="C">451</subfield>
  </datafield>
  <datafield tag="GGN" ind1=" " ind2=" ">
    <subfield code="9">U:Arab</subfield>
    <subfield code="a">&#1605;&#1589;&#1585;</subfield>
    <subfield code="A">GND</subfield>
    <subfield code="B">GND-040292363</subfield>
    <subfield code="C">451</subfield>
  </datafield>
</record>